<collection xmlns="http://www.loc.gov/MARC21/slim">
<record>
  <leader>01384nam0a2200301 i 450 </leader>
  <controlfield tag="001">IT\ICCU\CNCE\041966</controlfield>
  <controlfield tag="005">20071107000000.0</controlfield>
  <datafield tag="012" ind1=" " ind2=" ">
    <subfield code="a">l-ne a-ci uoa&amp; uign (C) 1512 (R)</subfield>
    <subfield code="2">fei</subfield>
  </datafield>
  <datafield tag="100" ind1=" " ind2=" ">
    <subfield code="a">19981203d1512        0itac0103    ba</subfield>
  </datafield>
  <datafield tag="101" ind1=" " ind2=" ">
    <subfield code="a">ITA</subfield>
  </datafield>
  <datafield tag="102" ind1=" " ind2=" ">
    <subfield code="a">IT</subfield>
  </datafield>
  <datafield tag="200" ind1="1" ind2=" ">
    <subfield code="a">Questi sono li Fioreti de sancto Francesco nouamente stampati</subfield>
  </datafield>
  <datafield tag="210" ind1=" " ind2=" ">
    <subfield code="e">Impresso in Venesia \!!</subfield>
    <subfield code="g">per magistro Piero di Quarengi da Bergamo</subfield>
    <subfield code="h">1512. Adi XII auosto</subfield>
  </datafield>
  <datafield tag="215" ind1=" " ind2=" ">
    <subfield code="a">\48! c.</subfield>
    <subfield code="d">4ʻ</subfield>
  </datafield>
  <datafield tag="500" ind1="1" ind2="1">
    <subfield code="3">IT\ICCU\CNCE\019160</subfield>
    <subfield code="a">Fioretti di s. Francesco</subfield>
  </datafield>
  <datafield tag="620" ind1=" " ind2=" ">
    <subfield code="a">IT</subfield>
    <subfield code="d">Venezia</subfield>
  </datafield>
  <datafield tag="712" ind1="0" ind2="0">
    <subfield code="a">Quarengi, Pietro</subfield>
    <subfield code="3">IT\ICCU\CNCT\000465</subfield>
    <subfield code="4">650</subfield>
  </datafield>
  <datafield tag="791" ind1="0" ind2="2">
    <subfield code="a">Petrus Bergomensis</subfield>
    <subfield code="3">IT\ICCU\CNCT\002539</subfield>
    <subfield code="z">Quarengi, Pietro</subfield>
  </datafield>
  <datafield tag="791" ind1="0" ind2="0">
    <subfield code="a">Quirenti, Petrus de</subfield>
    <subfield code="3">IT\ICCU\CNCT\004062</subfield>
    <subfield code="z">Quarengi, Pietro</subfield>
  </datafield>
  <datafield tag="791" ind1="0" ind2="2">
    <subfield code="a">Petrus Bergomas</subfield>
    <subfield code="3">IT\ICCU\CNCT\005263</subfield>
    <subfield code="z">Quarengi, Pietro</subfield>
  </datafield>
  <datafield tag="791" ind1="0" ind2="0">
    <subfield code="a">Quarengiis, Petrus de</subfield>
    <subfield code="3">IT\ICCU\CNCT\005264</subfield>
    <subfield code="z">Quarengi, Pietro</subfield>
  </datafield>
  <datafield tag="791" ind1="0" ind2="0">
    <subfield code="a">Bergamo, Petrus de</subfield>
    <subfield code="3">IT\ICCU\CNCT\005265</subfield>
    <subfield code="z">Quarengi, Pietro</subfield>
  </datafield>
  <datafield tag="791" ind1="0" ind2="0">
    <subfield code="a">Quarenghis, Petrus de</subfield>
    <subfield code="3">IT\ICCU\CNCT\005268</subfield>
    <subfield code="z">Quarengi, Pietro</subfield>
  </datafield>
  <datafield tag="791" ind1="0" ind2="0">
    <subfield code="a">Quarengius, Ioannes Petrus</subfield>
    <subfield code="3">IT\ICCU\CNCT\005270</subfield>
    <subfield code="z">Quarengi, Pietro</subfield>
  </datafield>
  <datafield tag="801" ind1=" " ind2="3">
    <subfield code="a">IT</subfield>
    <subfield code="b">ICCU</subfield>
    <subfield code="c">20201114</subfield>
  </datafield>
  <datafield tag="899" ind1=" " ind2=" ">
    <subfield code="a">Archivio storico civico e Biblioteca Trivulziana. Milano</subfield>
    <subfield code="1">MI0327</subfield>
    <subfield code="2">LO1 13</subfield>
  </datafield>
  <datafield tag="899" ind1=" " ind2=" ">
    <subfield code="a">British Library. London</subfield>
    <subfield code="1">UK0001</subfield>
  </datafield>
  <datafield tag="899" ind1=" " ind2=" ">
    <subfield code="a">Biblioteche della Fondazione Giorgio Cini onlus. Venezia</subfield>
    <subfield code="1">VE0239</subfield>
    <subfield code="2">VEA FC</subfield>
  </datafield>
</record>
</collection>
